@book{james2010new,
  title={The New Bill James Historical Baseball Abstract},
  author={James, B.},
  isbn={9781439106938},
  url={https://books.google.com/books?id=3uSbqUm8hSAC},
  year={2010},
  publisher={Free Press}
}

@book{1492923176,
  Author = {Stephen M. Shea and Christopher E. Baker},
  Title = {Basketball Analytics: Objective and Efficient Strategies for Understanding How Teams Win},
  Publisher = {CreateSpace Independent Publishing Platform},
  Year = {2013},
  ISBN = {1492923176}
}

@misc{tedtalk, 
 title={The math behind basketball's wildest moves}, 
 url={https://www.ted.com/talks/  rajiv_maheswaran_the_math_behind_basketball_s_wildest_moves? language=en}, 
 journal={TED}, 
 author={Maheswaran, Rajiv}}

@misc{synergy,
 key={synergy},
 title={Synergy Sports Technology}, 
 url={https://corp.synergysportstech.com/}, 
 journal={Synergy Sports Technology}}
 
@misc{nacc, 
key={nacc},
title={NACC Men's Basketball}, 
url={http://www.naccsports.org/sports/mbkb/index}, journal={Northern Athletics Collegiate Conference}}

 